<record><leader>00000cas a2200000 a 4500</leader><controlfield tag="001">12487851</controlfield><controlfield tag="008">850904d18871888ksuwr ne      0    0eng d</controlfield><datafield ind1=" " ind2=" " tag="010"><subfield code="a">sn 85029587 </subfield></datafield><datafield ind1=" " ind2=" " tag="040"><subfield code="a">KSH</subfield><subfield code="b">eng</subfield><subfield code="c">KSH</subfield><subfield code="d">NPT</subfield><subfield code="d">OCL</subfield><subfield code="d">OCLCQ</subfield></datafield><datafield ind1=" " ind2=" " tag="042"><subfield code="a">msc</subfield></datafield><datafield ind1="0" ind2="0" tag="245"><subfield code="a">Stockton eagle.</subfield></datafield><datafield ind1=" " ind2=" " tag="260"><subfield code="a">Stockton, Kan. :</subfield><subfield code="b">[M.H. Hoyt],</subfield><subfield code="c">1887-</subfield></datafield><datafield ind1=" " ind2=" " tag="300"><subfield code="a">v. ;</subfield><subfield code="c">49 cm.</subfield></datafield><datafield ind1=" " ind2=" " tag="310"><subfield code="a">Weekly</subfield></datafield><datafield ind1="0" ind2=" " tag="362"><subfield code="a">Vol. 3, no. 9 (Nov. 25, 1887)-</subfield></datafield><datafield ind1="1" ind2=" " tag="362"><subfield code="a">Ceased with July 13, 1888 issue?</subfield></datafield><datafield ind1=" " ind2=" " tag="500"><subfield code="a">Published by: Martin H. Hoyt, Apr. 13-27, 1888; Curtis &amp; Leonard, May 4-July 13, 1888.</subfield></datafield><datafield ind1=" " ind2=" " tag="500"><subfield code="a">"Republican."</subfield></datafield><datafield ind1=" " ind2=" " tag="752"><subfield code="a">United States</subfield><subfield code="b">Kansas</subfield><subfield code="c">Rooks</subfield><subfield code="d">Stockton.</subfield></datafield><datafield ind1="0" ind2="0" tag="780"><subfield code="t">Webster eagle</subfield><subfield code="w">(DLC)sn 85029580</subfield></datafield><datafield ind1="0" ind2="0" tag="785"><subfield code="t">Downs globe</subfield><subfield code="w">(OCoLC)12258428</subfield></datafield><datafield ind1="1" ind2=" " tag="029"><subfield code="a">AU@</subfield><subfield code="b">000022171885</subfield></datafield></record>